@article{Zenner-Erik,
  title={On cryptographic properties of LFSR-based pseudorandom generators},
  author={Zenner, Erik},
  year={2005},
  publisher={Universit{\"a}t Mannheim}
}


@book{Paar-Christof,
  title={Understanding cryptography: a textbook for students and practitioners},
  author={Paar, Christof and Pelzl, Jan},
  year={2009},
  publisher={Springer Science \& Business Media}
}
